<?xml version="1.0" encoding="UTF-8"?><collection xmlns="http://www.loc.gov/MARC21/slim"><record><leader>00301nam--2200121-i-4500</leader><controlfield tag="001">000023631</controlfield><controlfield tag="002">20161230</controlfield><controlfield tag="005">20161230201035</controlfield><controlfield tag="008">060222s1000------------r-----000-0-eng-d</controlfield><datafield ind1=" " ind2=" " tag="080"><subfield code="a">001.89</subfield></datafield><datafield ind1=" " ind2=" " tag="245"><subfield code="a">Examens des politiques scientifiques nationales</subfield></datafield><datafield ind1=" " ind2=" " tag="260"><subfield code="a">Pays-bas, Ocde, 1973. 395p</subfield></datafield><datafield ind1=" " ind2=" " tag="852"><subfield code="a">41943</subfield></datafield></record></collection>